<?xml version="1.0" encoding="UTF-8"?>
<?xml-stylesheet href="http://invenio.nusl.cz/css/oai2.xsl.v1.0" type="text/xsl"?>
<OAI-PMH xmlns="http://www.openarchives.org/OAI/2.0/" xmlns:xsi="http://www.w3.org/2001/XMLSchema-instance" xsi:schemaLocation="http://www.openarchives.org/OAI/2.0/ http://www.openarchives.org/OAI/2.0/OAI-PMH.xsd">
<responseDate>2023-08-15T09:47:26Z</responseDate><request from="2022-03-03" verb="ListRecords" set="global" metadataPrefix="marcxml">http://invenio.nusl.cz/oai2d</request><ListRecords>
<record><header><identifier>oai:invenio.nusl.cz:3</identifier><datestamp>2022-03-03T18:13:33Z</datestamp><setSpec>opengrey</setSpec><setSpec>base</setSpec><setSpec>etds_all</setSpec><setSpec>DRIVER</setSpec><setSpec>global</setSpec><setSpec>openaire</setSpec></header><metadata><marc:record xmlns:marc="http://www.loc.gov/MARC21/slim" xmlns:xsi="http://www.w3.org/2001/XMLSchema-instance" xsi:schemaLocation="http://www.loc.gov/MARC21/slim http://www.loc.gov/standards/marcxml/schema/MARC21slim.xsd" type="Bibliographic">
     <marc:leader>00000coc  2200000uu 4500</marc:leader>
  <marc:controlfield tag="001">3</marc:controlfield>
  <marc:controlfield tag="005">20220303191333.0</marc:controlfield>
  <marc:controlfield tag="008">101124n||||||||xx#||||#|||z|#||||||cze||</marc:controlfield>
  <marc:datafield tag="980" ind1=" " ind2=" ">
    <marc:subfield code="a">disertacni_prace</marc:subfield>
  </marc:datafield>
  <marc:datafield tag="996" ind1=" " ind2=" ">
    <marc:subfield code="9">1</marc:subfield>
  </marc:datafield>
    <marc:datafield tag="856" ind1="4" ind2=" ">
    <marc:subfield code="u">http://invenio.nusl.cz/record/3/files/nusl-3_1.pdf</marc:subfield>
    <marc:subfield code="z">Plný text</marc:subfield>
  </marc:datafield>
  <marc:datafield tag="856" ind1="4" ind2="0">
    <marc:subfield code="u">http://www.nusl.cz/ntk/nusl-3</marc:subfield>
    <marc:subfield code="z">PID NUŠL</marc:subfield>
  </marc:datafield>
  <marc:datafield tag="856" ind1="4" ind2=" ">
    <marc:subfield code="u">http://invenio.nusl.cz/record/3/files/nusl-3_2.gif?subformat=icon</marc:subfield>
    <marc:subfield code="x">icon</marc:subfield>
    <marc:subfield code="z">Plný text</marc:subfield>
  </marc:datafield>
  <marc:datafield tag="909" ind1="C" ind2="O">
    <marc:subfield code="o">oai:invenio.nusl.cz:3</marc:subfield>
    <marc:subfield code="p">openaire</marc:subfield>
    <marc:subfield code="p">global</marc:subfield>
    <marc:subfield code="p">DRIVER</marc:subfield>
    <marc:subfield code="p">etds_all</marc:subfield>
    <marc:subfield code="p">base</marc:subfield>
    <marc:subfield code="p">opengrey</marc:subfield>
    <marc:subfield code="q">licensed</marc:subfield>
  </marc:datafield>
  <marc:datafield tag="656" ind1=" " ind2="7">
    <marc:subfield code="2">AKVO</marc:subfield>
    <marc:subfield code="a">Architektura/Architektura</marc:subfield>
  </marc:datafield>
  <marc:datafield tag="540" ind1=" " ind2=" ">
    <marc:subfield code="9">cze</marc:subfield>
    <marc:subfield code="a">Dílo je chráněno podle autorského zákona č. 121/2000 Sb.</marc:subfield>
  </marc:datafield>
  <marc:datafield tag="540" ind1=" " ind2=" ">
    <marc:subfield code="9">cze</marc:subfield>
    <marc:subfield code="a">Licence Creative Commons Uveďte autora-Nezasahujte do díla 3.0 Česko</marc:subfield>
  </marc:datafield>
  <marc:datafield tag="540" ind1=" " ind2=" ">
    <marc:subfield code="9">eng</marc:subfield>
    <marc:subfield code="a">This work is protected under the Copyright Act No. 121/2000 Coll.</marc:subfield>
  </marc:datafield>
  <marc:datafield tag="540" ind1=" " ind2=" ">
    <marc:subfield code="9">eng</marc:subfield>
    <marc:subfield code="a">License: Creative Commons Attribution-NoDerivs 3.0 Czech Republic</marc:subfield>
  </marc:datafield>
  <marc:datafield tag="655" ind1=" " ind2="7">
    <marc:subfield code="2">NUŠL typ dokumentu</marc:subfield>
    <marc:subfield code="a">Disertační práce</marc:subfield>
  </marc:datafield>
  <marc:datafield tag="655" ind1=" " ind2="7">
    <marc:subfield code="2">DCMI typ dokumentu</marc:subfield>
    <marc:subfield code="a">Text</marc:subfield>
  </marc:datafield>
  <marc:datafield tag="520" ind1=" " ind2=" ">
    <marc:subfield code="9">cze</marc:subfield>
    <marc:subfield code="a">Předmětem aspirantské práce byla racionalizace rozhodování v počáteční fázi projektování budov a úprav prostředí, tj. od většinou vágního zadání až po návrh disposice budov. Jako metodu racionálního rozhodování problémů zvolil aspirant formální logiku, teorii grafů, využití počítačů. Obsahem disertace jsou i obecně srozumitelné pasáže, s ohledem na obsah vysokoškolské výuky architektů. Hlavními výsledky aspirantury je pojmové zpřesnění, model a metoda řešení problémů slučitelnosti činností ve společném prostředí (místnostech), uspořádání a propojení místností v jednopodlažních budovách (disposiční řešení). Aspirantura probíhala při zaměstnání ve výzkumu výstavby, její výsledky byly podkladem pro úkoly, které aplikovanému výzkumu byly zadávány. Přílohou je grafický výstup výpočtu optimální rozsáhlé disposice z r. 1967, pomocí programu "Rovinný rozvrh", jehož autorem byl Jan Moučka za spolupráce matematiků- programátorů. Školícím místem bylo ČVUT, Fakulta architektury. Školiteli byli prof.ing.arch. Oldřich Starý a univ.prof. Otakar Zich DrSc, vedoucí katedry logiky University Karlovy. Oponentem byl prof.Jiří Štursa.</marc:subfield>
  </marc:datafield>
  <marc:datafield tag="653" ind1="0" ind2=" ">
    <marc:subfield code="a">architecture</marc:subfield>
  </marc:datafield>
  <marc:datafield tag="653" ind1="0" ind2=" ">
    <marc:subfield code="a">project planning</marc:subfield>
  </marc:datafield>
  <marc:datafield tag="650" ind1=" " ind2="7">
    <marc:subfield code="0">http://psh.ntkcz.cz/skos/PSH212</marc:subfield>
    <marc:subfield code="2">PSH</marc:subfield>
    <marc:subfield code="a">architektonické návrhy</marc:subfield>
    <marc:subfield code="j">architectural designs</marc:subfield>
  </marc:datafield>
  <marc:datafield tag="506" ind1=" " ind2=" ">
    <marc:subfield code="a">Public</marc:subfield>
  </marc:datafield>
  <marc:datafield tag="340" ind1=" " ind2=" ">
    <marc:subfield code="a">text/pdf</marc:subfield>
  </marc:datafield>
  <marc:datafield tag="340" ind1=" " ind2=" ">
    <marc:subfield code="a">image/jpeg</marc:subfield>
  </marc:datafield>
  <marc:datafield tag="502" ind1=" " ind2=" ">
    <marc:subfield code="a">1969-12-03</marc:subfield>
    <marc:subfield code="b">Ing. arch.</marc:subfield>
    <marc:subfield code="c">České vysoké učení technické v Praze.  Stavební fakulta.</marc:subfield>
    <marc:subfield code="g">Doktorské</marc:subfield>
  </marc:datafield>
  <marc:datafield tag="300" ind1=" " ind2=" ">
    <marc:subfield code="a">99 s., 1 s. obr. příl.</marc:subfield>
  </marc:datafield>
  <marc:datafield tag="998" ind1=" " ind2=" ">
    <marc:subfield code="a">archiv_ing_arch_jana_moucky</marc:subfield>
  </marc:datafield>
  <marc:datafield tag="245" ind1="0" ind2="0">
    <marc:subfield code="a">Rozhodování v počáteční fázi architektonického projektu</marc:subfield>
    <marc:subfield code="b">Decision making in the initial phase of the architectonic project</marc:subfield>
  </marc:datafield>
  <marc:datafield tag="024" ind1="8" ind2=" ">
    <marc:subfield code="a">nusl-3</marc:subfield>
  </marc:datafield>
  <marc:datafield tag="046" ind1=" " ind2=" ">
    <marc:subfield code="k">1969</marc:subfield>
  </marc:datafield>
  <marc:datafield tag="041" ind1="0" ind2="7">
    <marc:subfield code="a">cze</marc:subfield>
  </marc:datafield>
  <marc:datafield tag="720" ind1=" " ind2=" ">
    <marc:subfield code="a">Moučka, Jan</marc:subfield>
  </marc:datafield>
  <marc:datafield tag="720" ind1=" " ind2=" ">
    <marc:subfield code="e">advisor</marc:subfield>
    <marc:subfield code="i">Starý, Oldřich</marc:subfield>
  </marc:datafield>
  <marc:datafield tag="720" ind1=" " ind2=" ">
    <marc:subfield code="e">referee</marc:subfield>
    <marc:subfield code="i">Štursa, Jiří</marc:subfield>
  </marc:datafield>
  <marc:datafield tag="720" ind1=" " ind2=" ">
    <marc:subfield code="e">advisor</marc:subfield>
    <marc:subfield code="i">Zich, Otakar</marc:subfield>
  </marc:datafield>
</marc:record>
</metadata></record>