<record><header><identifier>oai:invenio.nusl.cz:10</identifier><datestamp>2022-03-03T18:13:35Z</datestamp><setSpec>opengrey</setSpec><setSpec>global</setSpec><setSpec>openaire</setSpec><setSpec>etds_all</setSpec></header><metadata><marc:record xmlns:marc="http://www.loc.gov/MARC21/slim" xmlns:xsi="http://www.w3.org/2001/XMLSchema-instance" xsi:schemaLocation="http://www.loc.gov/MARC21/slim http://www.loc.gov/standards/marcxml/schema/MARC21slim.xsd" type="Bibliographic">
     <marc:leader>00000coc  2200000uu 4500</marc:leader>
  <marc:controlfield tag="001">10</marc:controlfield>
  <marc:controlfield tag="005">20220303191335.0</marc:controlfield>
  <marc:datafield tag="035" ind1=" " ind2=" ">
    <marc:subfield code="a">oai:vse.cz:vskp/4</marc:subfield>
  </marc:datafield>
  <marc:datafield tag="041" ind1="0" ind2="7">
    <marc:subfield code="a">cze</marc:subfield>
  </marc:datafield>
  <marc:datafield tag="046" ind1=" " ind2=" ">
    <marc:subfield code="k">2006-05-16</marc:subfield>
    <marc:subfield code="j">2012-04-30</marc:subfield>
  </marc:datafield>
  <marc:datafield tag="245" ind1="0" ind2="0">
    <marc:subfield code="a">Vzory pro návrh uživatelského rozhraní</marc:subfield>
  </marc:datafield>
  <marc:datafield tag="260" ind1=" " ind2=" ">
    <marc:subfield code="b">Vysoká škola ekonomická v Praze</marc:subfield>
  </marc:datafield>
  <marc:datafield tag="502" ind1=" " ind2=" ">
    <marc:subfield code="a">2006-09-13</marc:subfield>
    <marc:subfield code="b">Bc.</marc:subfield>
    <marc:subfield code="c">Vysoká škola ekonomická v Praze</marc:subfield>
    <marc:subfield code="g">Bakalářský studijní program</marc:subfield>
  </marc:datafield>
  <marc:datafield tag="520" ind1=" " ind2=" ">
    <marc:subfield code="a">Touto prací se chci zaměřit na oblast vzorů pro návrh uživatelského rozhraní. To je soubor vzorů, jenž se snaží pomoci návrhářům desktopových aplikací (respektive internetových stránek) správně sestavit a implementovat uživatelské rozhraní. Cílem bylo vyhledat a přeložit nejzákladnější (a nejvyužívanější) vzory a seskupit je do určitých celků podle oblastí, na které se zaměřují. Vzorům pro návrh uživatelského rozhraní se věnuje zatím jen několik málo subjektů, je tedy poměrně složité najít ucelený soubor, jenž by zahrnoval uspokojivé kvantum těchto vzorů. Každý ze subjektů se navíc věnuje trochu jiným oblastem a přistupuje k popisu řešení problému mírně jiným způsobem. Zájemce o toto téma je tedy schopen najít uspokojivé množství informací, prozatím ale jen za cenu dlouhého vyhledávání a získání výsledků ve větším množství různých forem zápisu. Proto jsem vybral jednu formu zápisu a vzory, které byly zapsány jinak, jsem do této formy převedl. Výsledkem by měl být přehledný a jasně srozumitelný soubor vybraných vzorů ? jenž sice určitě není úplný a vyčerpávající, přesto pokrývá dosti velkou oblast základních existujících vzorů. Každý vzor je v mém podání prezentován ve čtyřech částech, těmi jsou: základním shrnutí vzoru, vhodné podmínky pro jeho implementaci (problém), návrh řešení daného problému a příklady správného (někdy i špatného) použití vzoru. V českém prostředí (speciálně na internetu) je velice obtížné sehnat jakékoliv zdroje či zmínky o vzorech pro návrh uživatelského rozhraní. Tuzemské subjekty se tomuto mladému tématu dostatečně nevěnují, proto jsem shledal prospěšným přeložit základní množství vzorů do českého jazyka a prezentovat je v prostředí internetu pomocí webové stránky, jenž je k této práci připojena jako příloha. Práce samotná sestává z úvodu do problematiky, kde se zaměřuji na vznik vzorů, jejich vývoj, formy a hlavní současné představitele této oblasti. V dalších částech jsou popsány skupiny, do nichž jsem vzory pro návrh seřadil ? pro každou skupinu následuje popis vybraných kompletních vzorů - všechny vzory jsem do bakalářské práce nemohl zařadit - z důvodů jejich velkého množství, ostatní jsou proto přítomny pouze na webové stránce, která je součástí přílohy. Ta je připojena na konci dokumentu spolu s terminologickým slovníkem.</marc:subfield>
    <marc:subfield code="9">cze</marc:subfield>
  </marc:datafield>
  <marc:datafield tag="650" ind1="1" ind2="7">
    <marc:subfield code="a">rozhraní</marc:subfield>
    <marc:subfield code="j">interfaces</marc:subfield>
    <marc:subfield code="0">http://psh.ntkcz.cz/skos/PSH12457</marc:subfield>
    <marc:subfield code="2">PSH</marc:subfield>
  </marc:datafield>
  <marc:datafield tag="650" ind1="1" ind2="7">
    <marc:subfield code="a">webové stránky</marc:subfield>
    <marc:subfield code="j">web sites</marc:subfield>
    <marc:subfield code="0">http://psh.ntkcz.cz/skos/PSH13896</marc:subfield>
    <marc:subfield code="2">PSH</marc:subfield>
  </marc:datafield>
  <marc:datafield tag="656" ind1=" " ind2="7">
    <marc:subfield code="a">Aplikovaná informatika/Informatika</marc:subfield>
  </marc:datafield>
  <marc:datafield tag="720" ind1=" " ind2=" ">
    <marc:subfield code="a">Vávra, Jan</marc:subfield>
  </marc:datafield>
  <marc:datafield tag="720" ind1=" " ind2=" ">
    <marc:subfield code="i">Kašparová, Alena</marc:subfield>
    <marc:subfield code="e">advisor</marc:subfield>
  </marc:datafield>
  <marc:datafield tag="720" ind1=" " ind2=" ">
    <marc:subfield code="i">Osvaldová, Jana</marc:subfield>
    <marc:subfield code="e">referee</marc:subfield>
  </marc:datafield>
  <marc:datafield tag="856" ind1="4" ind2="0">
    <marc:subfield code="u">http://www.vse.cz/vskp/eid/4</marc:subfield>
    <marc:subfield code="z">Odkaz na původní záznam</marc:subfield>
  </marc:datafield>
  <marc:datafield tag="856" ind1="4" ind2="0">
    <marc:subfield code="u">http://www.nusl.cz/ntk/nusl-10</marc:subfield>
    <marc:subfield code="z">PID NUŠL</marc:subfield>
  </marc:datafield>
  <marc:datafield tag="909" ind1="C" ind2="O">
    <marc:subfield code="o">oai:invenio.nusl.cz:10</marc:subfield>
    <marc:subfield code="p">etds_all</marc:subfield>
    <marc:subfield code="p">openaire</marc:subfield>
    <marc:subfield code="p">global</marc:subfield>
    <marc:subfield code="p">opengrey</marc:subfield>
    <marc:subfield code="q">etds</marc:subfield>
    <marc:subfield code="q">licensed</marc:subfield>
  </marc:datafield>
  <marc:datafield tag="980" ind1=" " ind2=" ">
    <marc:subfield code="a">bakalarske_prace</marc:subfield>
  </marc:datafield>
  <marc:datafield tag="996" ind1=" " ind2=" ">
    <marc:subfield code="a">Dostupné v digitálním repozitáři VŠE.</marc:subfield>
    <marc:subfield code="b">Available in the digital repository of the University of Economics, Prague.</marc:subfield>
    <marc:subfield code="9">1</marc:subfield>
  </marc:datafield>
  <marc:datafield tag="998" ind1=" " ind2=" ">
    <marc:subfield code="a">vysoka_skola_ekonomicka_v_praze</marc:subfield>
  </marc:datafield>
</marc:record>
</metadata></record>