<record><header><identifier>oai:invenio.nusl.cz:31</identifier><datestamp>2022-03-03T18:13:37Z</datestamp><setSpec>opengrey</setSpec><setSpec>etds_all</setSpec><setSpec>global</setSpec><setSpec>openaire</setSpec><setSpec>etds</setSpec></header><metadata><marc:record xmlns:marc="http://www.loc.gov/MARC21/slim" xmlns:xsi="http://www.w3.org/2001/XMLSchema-instance" xsi:schemaLocation="http://www.loc.gov/MARC21/slim http://www.loc.gov/standards/marcxml/schema/MARC21slim.xsd" type="Bibliographic">
     <marc:leader>00000coc  2200000uu 4500</marc:leader>
  <marc:controlfield tag="001">31</marc:controlfield>
  <marc:controlfield tag="005">20220303191337.0</marc:controlfield>
  <marc:datafield tag="035" ind1=" " ind2=" ">
    <marc:subfield code="a">oai:vse.cz:vskp/53</marc:subfield>
  </marc:datafield>
  <marc:datafield tag="041" ind1="0" ind2="7">
    <marc:subfield code="a">cze</marc:subfield>
  </marc:datafield>
  <marc:datafield tag="046" ind1=" " ind2=" ">
    <marc:subfield code="k">2006-05-26</marc:subfield>
    <marc:subfield code="j">2012-04-30</marc:subfield>
  </marc:datafield>
  <marc:datafield tag="245" ind1="0" ind2="0">
    <marc:subfield code="a">Monitorování chudoby v ČR</marc:subfield>
  </marc:datafield>
  <marc:datafield tag="260" ind1=" " ind2=" ">
    <marc:subfield code="b">Vysoká škola ekonomická v Praze</marc:subfield>
  </marc:datafield>
  <marc:datafield tag="502" ind1=" " ind2=" ">
    <marc:subfield code="a">2006-06-13</marc:subfield>
    <marc:subfield code="b">Ing.</marc:subfield>
    <marc:subfield code="c">Vysoká škola ekonomická v Praze</marc:subfield>
    <marc:subfield code="g">Magisterský studijní program</marc:subfield>
  </marc:datafield>
  <marc:datafield tag="520" ind1=" " ind2=" ">
    <marc:subfield code="a">Práce se zabývá problémem chudoby a jejího monitorování. Zvláštní pozornost je věnována oficiální hranici příjmové chudoby v ČR - životnímu minimu. V nedávné minulosti byla odbornou studií navržena změna konstrukce této hranice, která vyústila ve vládní návrh, který byl předložen ke schválení do Poslanecké sněmovny. Výsledná podoba zákona doznala podstatných změn a cílem bylo, kromě zmapování politické zodpovědnosti za tyto změny zjistit, jaký bude dopad v příjmové oblati na vybrané sociální skupiny obyvatelstva.</marc:subfield>
    <marc:subfield code="9">cze</marc:subfield>
  </marc:datafield>
  <marc:datafield tag="650" ind1="1" ind2="7">
    <marc:subfield code="a">chudoba</marc:subfield>
    <marc:subfield code="j">poverty</marc:subfield>
    <marc:subfield code="0">http://psh.ntkcz.cz/skos/PSH9710</marc:subfield>
    <marc:subfield code="2">PSH</marc:subfield>
  </marc:datafield>
  <marc:datafield tag="650" ind1="1" ind2="7">
    <marc:subfield code="a">hranice</marc:subfield>
    <marc:subfield code="j">borders</marc:subfield>
    <marc:subfield code="0">http://psh.ntkcz.cz/skos/PSH8518</marc:subfield>
    <marc:subfield code="2">PSH</marc:subfield>
  </marc:datafield>
  <marc:datafield tag="653" ind1=" " ind2=" ">
    <marc:subfield code="a">zákonodárný proces</marc:subfield>
  </marc:datafield>
  <marc:datafield tag="653" ind1=" " ind2=" ">
    <marc:subfield code="a">životní minimum</marc:subfield>
  </marc:datafield>
  <marc:datafield tag="653" ind1=" " ind2=" ">
    <marc:subfield code="a">hranice chudoby</marc:subfield>
  </marc:datafield>
  <marc:datafield tag="653" ind1=" " ind2=" ">
    <marc:subfield code="a">chudoba</marc:subfield>
  </marc:datafield>
  <marc:datafield tag="656" ind1=" " ind2="7">
    <marc:subfield code="a">Hospodářská politika a správa/Národní hospodářství</marc:subfield>
  </marc:datafield>
  <marc:datafield tag="720" ind1=" " ind2=" ">
    <marc:subfield code="a">Rusnaková, Gabriela</marc:subfield>
  </marc:datafield>
  <marc:datafield tag="720" ind1=" " ind2=" ">
    <marc:subfield code="i">Krebs, Vojtěch</marc:subfield>
    <marc:subfield code="e">advisor</marc:subfield>
  </marc:datafield>
  <marc:datafield tag="720" ind1=" " ind2=" ">
    <marc:subfield code="i">Tomková, Magdalena</marc:subfield>
    <marc:subfield code="e">referee</marc:subfield>
  </marc:datafield>
  <marc:datafield tag="856" ind1="4" ind2="0">
    <marc:subfield code="u">http://www.vse.cz/vskp/eid/53</marc:subfield>
    <marc:subfield code="z">Odkaz na původní záznam</marc:subfield>
  </marc:datafield>
  <marc:datafield tag="856" ind1="4" ind2="0">
    <marc:subfield code="u">http://www.nusl.cz/ntk/nusl-31</marc:subfield>
    <marc:subfield code="z">PID NUŠL</marc:subfield>
  </marc:datafield>
  <marc:datafield tag="909" ind1="C" ind2="O">
    <marc:subfield code="o">oai:invenio.nusl.cz:31</marc:subfield>
    <marc:subfield code="p">etds</marc:subfield>
    <marc:subfield code="p">openaire</marc:subfield>
    <marc:subfield code="p">global</marc:subfield>
    <marc:subfield code="p">etds_all</marc:subfield>
    <marc:subfield code="p">opengrey</marc:subfield>
    <marc:subfield code="q">licensed</marc:subfield>
  </marc:datafield>
  <marc:datafield tag="980" ind1=" " ind2=" ">
    <marc:subfield code="a">diplomove_prace</marc:subfield>
  </marc:datafield>
  <marc:datafield tag="996" ind1=" " ind2=" ">
    <marc:subfield code="a">Dostupné v digitálním repozitáři VŠE.</marc:subfield>
    <marc:subfield code="b">Available in the digital repository of the University of Economics, Prague.</marc:subfield>
    <marc:subfield code="9">1</marc:subfield>
  </marc:datafield>
  <marc:datafield tag="998" ind1=" " ind2=" ">
    <marc:subfield code="a">vysoka_skola_ekonomicka_v_praze</marc:subfield>
  </marc:datafield>
</marc:record>
</metadata></record>