<record><header><identifier>oai:invenio.nusl.cz:103</identifier><datestamp>2022-03-03T18:13:43Z</datestamp><setSpec>opengrey</setSpec><setSpec>global</setSpec><setSpec>openaire</setSpec><setSpec>etds_all</setSpec></header><metadata><marc:record xmlns:marc="http://www.loc.gov/MARC21/slim" xmlns:xsi="http://www.w3.org/2001/XMLSchema-instance" xsi:schemaLocation="http://www.loc.gov/MARC21/slim http://www.loc.gov/standards/marcxml/schema/MARC21slim.xsd" type="Bibliographic">
     <marc:leader>00000coc  2200000uu 4500</marc:leader>
  <marc:controlfield tag="001">103</marc:controlfield>
  <marc:controlfield tag="005">20220303191343.0</marc:controlfield>
  <marc:datafield tag="035" ind1=" " ind2=" ">
    <marc:subfield code="a">oai:vse.cz:vskp/183</marc:subfield>
  </marc:datafield>
  <marc:datafield tag="041" ind1="0" ind2="7">
    <marc:subfield code="a">cze</marc:subfield>
  </marc:datafield>
  <marc:datafield tag="046" ind1=" " ind2=" ">
    <marc:subfield code="k">2006-06-01</marc:subfield>
    <marc:subfield code="j">2012-04-30</marc:subfield>
  </marc:datafield>
  <marc:datafield tag="245" ind1="0" ind2="0">
    <marc:subfield code="a">Podvědomé působení grafických prvků</marc:subfield>
  </marc:datafield>
  <marc:datafield tag="260" ind1=" " ind2=" ">
    <marc:subfield code="b">Vysoká škola ekonomická v Praze</marc:subfield>
  </marc:datafield>
  <marc:datafield tag="502" ind1=" " ind2=" ">
    <marc:subfield code="a">2006-06-14</marc:subfield>
    <marc:subfield code="b">Bc.</marc:subfield>
    <marc:subfield code="c">Vysoká škola ekonomická v Praze</marc:subfield>
    <marc:subfield code="g">Bakalářský studijní program</marc:subfield>
  </marc:datafield>
  <marc:datafield tag="520" ind1=" " ind2=" ">
    <marc:subfield code="a">Svým způsobem psychologicko-estetická studie se zabývá vlivem grafického sdělení na pocity a dojmy jeho pozorovatele. Nachází klíčové poznatky psychologie vnímání a dává je do souvislosti s grafickou stránkou věci. Lidské vidění je rozebráno z pohledu vlastností zraku, pozornosti, charakteristik zorného pole a procesu jeho strukturace. Vytyčeny jsou aspekty vidění důležité pro tvorbu grafického sdělení. Zejména jsou rozebrány tendence sdružování (grupování) objektů v zorném poli, rozlišování figury a pozadí, domýšlení jen naznačených částí obrazu, apod. Práce také popisuje některé zásadní zažité přístupy našeho poznávání skutečnosti k objektům, které vidíme. Pak následuje typologický přehled působení daných obrazových prvků. Jsou vybírány takové elementární prvky, s nimiž se běžně v grafických pracích potkáváme a které mohou dále tvořit složitější sestavy. Od bodu k plošným objektům se popisují např. některé jejich pohybové tendence nebo expresivní vliv na naší psychiku. Dále jsou popsány vlivy jednotlivých barev a odstínů, rozebrány typy a působení kontrastů a některých obecnějších vlastností grafické prezentace. Jako poslední zkoumaná vlastnost je kompozice. Hlavní témata jako zlatý řez, hmotná analogie objektů v sazebním obrazci, apod. jsou opět dávána do souvislosti s jejich vlivem na naše nálady. Na konec jsou krátce zmíněny některé možnosti ověřování působení obrazového sdělení. Závěr připomíná, že je k celé problematice třeba přistupovat s odstupem a mít na paměti obecné souvislosti.</marc:subfield>
    <marc:subfield code="9">cze</marc:subfield>
  </marc:datafield>
  <marc:datafield tag="650" ind1="1" ind2="7">
    <marc:subfield code="a">psychika</marc:subfield>
    <marc:subfield code="j">mentality</marc:subfield>
    <marc:subfield code="0">http://psh.ntkcz.cz/skos/PSH9267</marc:subfield>
    <marc:subfield code="2">PSH</marc:subfield>
  </marc:datafield>
  <marc:datafield tag="650" ind1="1" ind2="7">
    <marc:subfield code="a">předmět</marc:subfield>
    <marc:subfield code="j">object</marc:subfield>
    <marc:subfield code="0">http://psh.ntkcz.cz/skos/PSH6880</marc:subfield>
    <marc:subfield code="2">PSH</marc:subfield>
  </marc:datafield>
  <marc:datafield tag="656" ind1=" " ind2="7">
    <marc:subfield code="a">Aplikovaná informatika/Informatika</marc:subfield>
  </marc:datafield>
  <marc:datafield tag="720" ind1=" " ind2=" ">
    <marc:subfield code="a">Špaček, Vojtěch</marc:subfield>
  </marc:datafield>
  <marc:datafield tag="720" ind1=" " ind2=" ">
    <marc:subfield code="i">Horný, Stanislav</marc:subfield>
    <marc:subfield code="e">advisor</marc:subfield>
  </marc:datafield>
  <marc:datafield tag="720" ind1=" " ind2=" ">
    <marc:subfield code="i">Vilímová, Zuzana</marc:subfield>
    <marc:subfield code="e">referee</marc:subfield>
  </marc:datafield>
  <marc:datafield tag="856" ind1="4" ind2="0">
    <marc:subfield code="u">http://www.vse.cz/vskp/eid/183</marc:subfield>
    <marc:subfield code="z">Odkaz na původní záznam</marc:subfield>
  </marc:datafield>
  <marc:datafield tag="856" ind1="4" ind2="0">
    <marc:subfield code="u">http://www.nusl.cz/ntk/nusl-103</marc:subfield>
    <marc:subfield code="z">PID NUŠL</marc:subfield>
  </marc:datafield>
  <marc:datafield tag="909" ind1="C" ind2="O">
    <marc:subfield code="o">oai:invenio.nusl.cz:103</marc:subfield>
    <marc:subfield code="p">etds_all</marc:subfield>
    <marc:subfield code="p">openaire</marc:subfield>
    <marc:subfield code="p">global</marc:subfield>
    <marc:subfield code="p">opengrey</marc:subfield>
    <marc:subfield code="q">etds</marc:subfield>
    <marc:subfield code="q">licensed</marc:subfield>
  </marc:datafield>
  <marc:datafield tag="980" ind1=" " ind2=" ">
    <marc:subfield code="a">bakalarske_prace</marc:subfield>
  </marc:datafield>
  <marc:datafield tag="996" ind1=" " ind2=" ">
    <marc:subfield code="a">Dostupné v digitálním repozitáři VŠE.</marc:subfield>
    <marc:subfield code="b">Available in the digital repository of the University of Economics, Prague.</marc:subfield>
    <marc:subfield code="9">1</marc:subfield>
  </marc:datafield>
  <marc:datafield tag="998" ind1=" " ind2=" ">
    <marc:subfield code="a">vysoka_skola_ekonomicka_v_praze</marc:subfield>
  </marc:datafield>
</marc:record>
</metadata></record>