<record><header><identifier>oai:invenio.nusl.cz:143</identifier><datestamp>2022-03-03T18:13:46Z</datestamp><setSpec>global</setSpec><setSpec>openaire</setSpec><setSpec>etds_all</setSpec></header><metadata><marc:record xmlns:marc="http://www.loc.gov/MARC21/slim" xmlns:xsi="http://www.w3.org/2001/XMLSchema-instance" xsi:schemaLocation="http://www.loc.gov/MARC21/slim http://www.loc.gov/standards/marcxml/schema/MARC21slim.xsd" type="Bibliographic">
     <marc:leader>00000coc  2200000uu 4500</marc:leader>
  <marc:controlfield tag="001">143</marc:controlfield>
  <marc:controlfield tag="005">20220303191346.0</marc:controlfield>
  <marc:datafield tag="035" ind1=" " ind2=" ">
    <marc:subfield code="a">oai:vse.cz:vskp/321</marc:subfield>
  </marc:datafield>
  <marc:datafield tag="041" ind1="0" ind2="7">
    <marc:subfield code="a">cze</marc:subfield>
  </marc:datafield>
  <marc:datafield tag="046" ind1=" " ind2=" ">
    <marc:subfield code="k">2006-05-01</marc:subfield>
    <marc:subfield code="j">2012-04-30</marc:subfield>
  </marc:datafield>
  <marc:datafield tag="245" ind1="0" ind2="0">
    <marc:subfield code="a">Rozvojová politika Evropské unie</marc:subfield>
  </marc:datafield>
  <marc:datafield tag="260" ind1=" " ind2=" ">
    <marc:subfield code="b">Vysoká škola ekonomická v Praze</marc:subfield>
  </marc:datafield>
  <marc:datafield tag="502" ind1=" " ind2=" ">
    <marc:subfield code="a">2006-09-18</marc:subfield>
    <marc:subfield code="b">Bc.</marc:subfield>
    <marc:subfield code="c">Vysoká škola ekonomická v Praze</marc:subfield>
    <marc:subfield code="g">Bakalářský studijní program</marc:subfield>
  </marc:datafield>
  <marc:datafield tag="520" ind1=" " ind2=" ">
    <marc:subfield code="a">Cílem práce je shrnout aspekty rozvojové pomoci poskytované Evropskou unií jejím bývalým africkým koloniím v širším historickém kontextu. Pomocí charakteristiky jednotlivých smluvních aktů je analyzován posun, který nastal v chápání rozvojové politiky od 50. let tohoto století až do současnosti. Závěrečná část je věnována charakteristice nejpalčivějších problémů současné Afriky a reflexi osobního pohledu na reálné možnosti a efektivitu rozvojové pomoci EU vůči africkým zemím.</marc:subfield>
    <marc:subfield code="9">cze</marc:subfield>
  </marc:datafield>
  <marc:datafield tag="656" ind1=" " ind2="7">
    <marc:subfield code="a">Mezinárodní ekonomické vztahy/Mezinárodní obchod</marc:subfield>
  </marc:datafield>
  <marc:datafield tag="720" ind1=" " ind2=" ">
    <marc:subfield code="a">Ševčíková, Kateřina</marc:subfield>
  </marc:datafield>
  <marc:datafield tag="720" ind1=" " ind2=" ">
    <marc:subfield code="i">Němečková, Tereza</marc:subfield>
    <marc:subfield code="e">advisor</marc:subfield>
  </marc:datafield>
  <marc:datafield tag="720" ind1=" " ind2=" ">
    <marc:subfield code="i">Horký, Ondřej</marc:subfield>
    <marc:subfield code="e">referee</marc:subfield>
  </marc:datafield>
  <marc:datafield tag="856" ind1="4" ind2="0">
    <marc:subfield code="u">http://www.vse.cz/vskp/eid/321</marc:subfield>
    <marc:subfield code="z">Odkaz na původní záznam</marc:subfield>
  </marc:datafield>
  <marc:datafield tag="856" ind1="4" ind2="0">
    <marc:subfield code="u">http://www.nusl.cz/ntk/nusl-143</marc:subfield>
    <marc:subfield code="z">PID NUŠL</marc:subfield>
  </marc:datafield>
  <marc:datafield tag="909" ind1="C" ind2="O">
    <marc:subfield code="o">oai:invenio.nusl.cz:143</marc:subfield>
    <marc:subfield code="p">etds_all</marc:subfield>
    <marc:subfield code="p">openaire</marc:subfield>
    <marc:subfield code="p">global</marc:subfield>
    <marc:subfield code="q">licensed</marc:subfield>
  </marc:datafield>
  <marc:datafield tag="980" ind1=" " ind2=" ">
    <marc:subfield code="a">bakalarske_prace</marc:subfield>
  </marc:datafield>
  <marc:datafield tag="996" ind1=" " ind2=" ">
    <marc:subfield code="a">Dostupné v digitálním repozitáři VŠE.</marc:subfield>
    <marc:subfield code="b">Available in the digital repository of the University of Economics, Prague.</marc:subfield>
    <marc:subfield code="9">1</marc:subfield>
  </marc:datafield>
  <marc:datafield tag="998" ind1=" " ind2=" ">
    <marc:subfield code="a">vysoka_skola_ekonomicka_v_praze</marc:subfield>
  </marc:datafield>
</marc:record>
</metadata></record>