<record><header><identifier>oai:invenio.nusl.cz:319</identifier><datestamp>2022-03-03T18:13:55Z</datestamp><setSpec>opengrey</setSpec><setSpec>etds_all</setSpec><setSpec>global</setSpec><setSpec>openaire</setSpec><setSpec>etds</setSpec></header><metadata><marc:record xmlns:marc="http://www.loc.gov/MARC21/slim" xmlns:xsi="http://www.w3.org/2001/XMLSchema-instance" xsi:schemaLocation="http://www.loc.gov/MARC21/slim http://www.loc.gov/standards/marcxml/schema/MARC21slim.xsd" type="Bibliographic">
     <marc:leader>00000coc  2200000uu 4500</marc:leader>
  <marc:controlfield tag="001">319</marc:controlfield>
  <marc:controlfield tag="005">20220303191355.0</marc:controlfield>
  <marc:datafield tag="035" ind1=" " ind2=" ">
    <marc:subfield code="a">oai:vse.cz:vskp/576</marc:subfield>
  </marc:datafield>
  <marc:datafield tag="041" ind1="0" ind2="7">
    <marc:subfield code="a">slo</marc:subfield>
  </marc:datafield>
  <marc:datafield tag="046" ind1=" " ind2=" ">
    <marc:subfield code="k">2006-08-25</marc:subfield>
    <marc:subfield code="j">2012-04-30</marc:subfield>
  </marc:datafield>
  <marc:datafield tag="245" ind1="0" ind2="0">
    <marc:subfield code="a">Vývoj a dôvody vývoja nezamestnanosti v SR po roku 2002</marc:subfield>
  </marc:datafield>
  <marc:datafield tag="260" ind1=" " ind2=" ">
    <marc:subfield code="b">Vysoká škola ekonomická v Praze</marc:subfield>
  </marc:datafield>
  <marc:datafield tag="502" ind1=" " ind2=" ">
    <marc:subfield code="a">2006-09-21</marc:subfield>
    <marc:subfield code="b">Ing.</marc:subfield>
    <marc:subfield code="c">Vysoká škola ekonomická v Praze</marc:subfield>
    <marc:subfield code="g">Magisterský studijní program</marc:subfield>
  </marc:datafield>
  <marc:datafield tag="520" ind1=" " ind2=" ">
    <marc:subfield code="a">V mojej diplomovej práci som sa zameral na problém, ktorý bol, pravdepodobne bude a v súčasnosti je veľkým problémom našej spoločnosti, nezamestnanosti. Rôzne krajiny sa snažia proti tomuto fenoménu bojovať rôznymi spôsobmi. Niektoré úspešne a niektoré menej úspešne. Ja by som chcel v mojej práci ukázať boj proti nezamestnanosti na tzv. ?Slovenskom príklade?. Podľa môjho názoru cesta, ktorú zvolila v súcasnej obe už ex-vláda ex-premiéra Mikuláša Dzurindu bola správna a priniesla svoje výsledky. Cieľom diplomovej práce bolo postihnúť príčiny vývoja nezamestnanosti a možné spôsoby jej odstránenia, prípadne zníženia na najmenšiu možnú mieru. Pri analýze vývoja nezamestnanosti boli použité štatistické metódy výpočtu používané jak Štatistickým úradom SR(ŠÚSR) tak Ústredím práce, sociálnych vecí a rodiny (UPSVAR) resp. Ministerstvom práce, sociálnych vecí a rodiny (MPSVaR). Práca je zameraná hlavne na ekonomické dopady nezamestnanosti na hospodárstvo krajiny ale taktiež nezabúda na sociálny rozmer nezamestnanosti. V práci som dospel k záveru, že k odstráneniu nezamestnanosti, prípadne k jej zníženiu, vedie cesta cez podporu aktívnej politiky zamestnanosti, cez flexibilitu pracovného trhu, ktorá sa dá dosiahnut prostredníctvom flexibilného a moderného zákonníka práce, cez hlbkovú reformu sociálneho systému, ktorý by mal byť podľa môjho názoru založený na princípe individuálnej zásluhovosti s nevyhnutnou mierou spoločenskej solidarity a v neposlednom rade taktiež cez zefektívnenie práce štátnych úradov.</marc:subfield>
    <marc:subfield code="9">slo</marc:subfield>
  </marc:datafield>
  <marc:datafield tag="650" ind1="1" ind2="7">
    <marc:subfield code="a">rodina</marc:subfield>
    <marc:subfield code="j">family</marc:subfield>
    <marc:subfield code="0">http://psh.ntkcz.cz/skos/PSH9660</marc:subfield>
    <marc:subfield code="2">PSH</marc:subfield>
  </marc:datafield>
  <marc:datafield tag="650" ind1="1" ind2="7">
    <marc:subfield code="a">krajina</marc:subfield>
    <marc:subfield code="j">landscape</marc:subfield>
    <marc:subfield code="0">http://psh.ntkcz.cz/skos/PSH4392</marc:subfield>
    <marc:subfield code="2">PSH</marc:subfield>
  </marc:datafield>
  <marc:datafield tag="656" ind1=" " ind2="7">
    <marc:subfield code="a">Hospodářská politika a správa/Regionalistika a veřejná správa</marc:subfield>
  </marc:datafield>
  <marc:datafield tag="720" ind1=" " ind2=" ">
    <marc:subfield code="a">Hrabal, Vlastimil</marc:subfield>
  </marc:datafield>
  <marc:datafield tag="720" ind1=" " ind2=" ">
    <marc:subfield code="i">Macháčková, Jaroslava</marc:subfield>
    <marc:subfield code="e">advisor</marc:subfield>
  </marc:datafield>
  <marc:datafield tag="720" ind1=" " ind2=" ">
    <marc:subfield code="i">Kouřilová, Jana</marc:subfield>
    <marc:subfield code="e">referee</marc:subfield>
  </marc:datafield>
  <marc:datafield tag="856" ind1="4" ind2="0">
    <marc:subfield code="u">http://www.vse.cz/vskp/eid/576</marc:subfield>
    <marc:subfield code="z">Odkaz na původní záznam</marc:subfield>
  </marc:datafield>
  <marc:datafield tag="856" ind1="4" ind2="0">
    <marc:subfield code="u">http://www.nusl.cz/ntk/nusl-319</marc:subfield>
    <marc:subfield code="z">PID NUŠL</marc:subfield>
  </marc:datafield>
  <marc:datafield tag="909" ind1="C" ind2="O">
    <marc:subfield code="o">oai:invenio.nusl.cz:319</marc:subfield>
    <marc:subfield code="p">etds</marc:subfield>
    <marc:subfield code="p">openaire</marc:subfield>
    <marc:subfield code="p">global</marc:subfield>
    <marc:subfield code="p">etds_all</marc:subfield>
    <marc:subfield code="p">opengrey</marc:subfield>
    <marc:subfield code="q">licensed</marc:subfield>
  </marc:datafield>
  <marc:datafield tag="980" ind1=" " ind2=" ">
    <marc:subfield code="a">diplomove_prace</marc:subfield>
  </marc:datafield>
  <marc:datafield tag="996" ind1=" " ind2=" ">
    <marc:subfield code="a">Dostupné v digitálním repozitáři VŠE.</marc:subfield>
    <marc:subfield code="b">Available in the digital repository of the University of Economics, Prague.</marc:subfield>
    <marc:subfield code="9">1</marc:subfield>
  </marc:datafield>
  <marc:datafield tag="998" ind1=" " ind2=" ">
    <marc:subfield code="a">vysoka_skola_ekonomicka_v_praze</marc:subfield>
  </marc:datafield>
</marc:record>
</metadata></record>