<record><header><identifier>oai:invenio.nusl.cz:366</identifier><datestamp>2022-03-03T18:13:57Z</datestamp><setSpec>opengrey</setSpec><setSpec>etds_all</setSpec><setSpec>global</setSpec><setSpec>openaire</setSpec><setSpec>etds</setSpec></header><metadata><marc:record xmlns:marc="http://www.loc.gov/MARC21/slim" xmlns:xsi="http://www.w3.org/2001/XMLSchema-instance" xsi:schemaLocation="http://www.loc.gov/MARC21/slim http://www.loc.gov/standards/marcxml/schema/MARC21slim.xsd" type="Bibliographic">
     <marc:leader>00000coc  2200000uu 4500</marc:leader>
  <marc:controlfield tag="001">366</marc:controlfield>
  <marc:controlfield tag="005">20220303191357.0</marc:controlfield>
  <marc:datafield tag="035" ind1=" " ind2=" ">
    <marc:subfield code="a">oai:vse.cz:vskp/655</marc:subfield>
  </marc:datafield>
  <marc:datafield tag="041" ind1="0" ind2="7">
    <marc:subfield code="a">cze</marc:subfield>
  </marc:datafield>
  <marc:datafield tag="046" ind1=" " ind2=" ">
    <marc:subfield code="k">2006-08-28</marc:subfield>
    <marc:subfield code="j">2012-04-30</marc:subfield>
  </marc:datafield>
  <marc:datafield tag="245" ind1="0" ind2="0">
    <marc:subfield code="a">Sportovní sponzoring</marc:subfield>
  </marc:datafield>
  <marc:datafield tag="260" ind1=" " ind2=" ">
    <marc:subfield code="b">Vysoká škola ekonomická v Praze</marc:subfield>
  </marc:datafield>
  <marc:datafield tag="502" ind1=" " ind2=" ">
    <marc:subfield code="a">2006-10-12</marc:subfield>
    <marc:subfield code="b">Ing.</marc:subfield>
    <marc:subfield code="c">Vysoká škola ekonomická v Praze</marc:subfield>
    <marc:subfield code="g">Magisterský studijní program</marc:subfield>
  </marc:datafield>
  <marc:datafield tag="520" ind1=" " ind2=" ">
    <marc:subfield code="a">Sponzoring je relativně novým nástrojem komunikačního mixu. Nástrojem, který umí zasáhnout cílovou skupinu, vybudovat tzv. ?goodwill?, zefektivnit reklamní kampaně a dopomoci lepším vztahům s klíčovými partnery. Má hodně společného se vztahy k veřejnosti (PR), reklamou a ?Event marketingem?, měl by však pro svou jedinečnost zůstat samostatným a plnohodnotným nástrojem komunikačního mixu. Jeho nejoblíbenější formou je v posledních letech bezpochyby sportovní sponzoring. Sport znamená emoce, boj, vytrvalost, dokonalost, vítězství ? hodnoty, na něž aspiruje každá společnost. Jedním z nejdůležitějších prvků je ale lidský faktor a jeho pocit sounáležitosti a ztotožnění se prostřednictvím daného sportu se značkou sponzora, a to přirozenou cestou emocí. Firmy zde logicky spatřují komunikační potenciál který se dá snadno přetvořit na jednu z konkurenčních výhod. A to nejen díky vytvořenému goodwillu v očích zákazníků, ale také díky relativně novým, dynamickým nástrojům pro firemní marketingovou strategii. Tato práce se věnuje jednomu z největších sponzoringových projektů, které byly v České Republice realizovány a to současnou podporou národního hokejového týmu, společně se sponzorstvím MS 2004 společností Eurotel</marc:subfield>
    <marc:subfield code="9">cze</marc:subfield>
  </marc:datafield>
  <marc:datafield tag="650" ind1="1" ind2="7">
    <marc:subfield code="a">marketingový mix</marc:subfield>
    <marc:subfield code="j">marketing mix</marc:subfield>
    <marc:subfield code="0">http://psh.ntkcz.cz/skos/PSH13959</marc:subfield>
    <marc:subfield code="2">PSH</marc:subfield>
  </marc:datafield>
  <marc:datafield tag="650" ind1="1" ind2="7">
    <marc:subfield code="a">sportovní discipliny</marc:subfield>
    <marc:subfield code="j">sports</marc:subfield>
    <marc:subfield code="0">http://psh.ntkcz.cz/skos/PSH9934</marc:subfield>
    <marc:subfield code="2">PSH</marc:subfield>
  </marc:datafield>
  <marc:datafield tag="653" ind1="0" ind2=" ">
    <marc:subfield code="a">Ice Hockey World Chamiponship</marc:subfield>
  </marc:datafield>
  <marc:datafield tag="653" ind1="0" ind2=" ">
    <marc:subfield code="a">Efficiency of sponsorship</marc:subfield>
  </marc:datafield>
  <marc:datafield tag="653" ind1="0" ind2=" ">
    <marc:subfield code="a">Sport sponsorship</marc:subfield>
  </marc:datafield>
  <marc:datafield tag="653" ind1="0" ind2=" ">
    <marc:subfield code="a">Sponsorship strategy</marc:subfield>
  </marc:datafield>
  <marc:datafield tag="653" ind1="0" ind2=" ">
    <marc:subfield code="a">Marketing and Communication mix</marc:subfield>
  </marc:datafield>
  <marc:datafield tag="656" ind1=" " ind2="7">
    <marc:subfield code="a">Ekonomika a management/Podniková ekonomika a management</marc:subfield>
  </marc:datafield>
  <marc:datafield tag="720" ind1=" " ind2=" ">
    <marc:subfield code="a">Lutovský, Marek</marc:subfield>
  </marc:datafield>
  <marc:datafield tag="720" ind1=" " ind2=" ">
    <marc:subfield code="i">Mottlová, Libuše</marc:subfield>
    <marc:subfield code="e">advisor</marc:subfield>
  </marc:datafield>
  <marc:datafield tag="720" ind1=" " ind2=" ">
    <marc:subfield code="i">Stříteský, Václav</marc:subfield>
    <marc:subfield code="e">referee</marc:subfield>
  </marc:datafield>
  <marc:datafield tag="856" ind1="4" ind2="0">
    <marc:subfield code="u">http://www.vse.cz/vskp/eid/655</marc:subfield>
    <marc:subfield code="z">Odkaz na původní záznam</marc:subfield>
  </marc:datafield>
  <marc:datafield tag="856" ind1="4" ind2="0">
    <marc:subfield code="u">http://www.nusl.cz/ntk/nusl-366</marc:subfield>
    <marc:subfield code="z">PID NUŠL</marc:subfield>
  </marc:datafield>
  <marc:datafield tag="909" ind1="C" ind2="O">
    <marc:subfield code="o">oai:invenio.nusl.cz:366</marc:subfield>
    <marc:subfield code="p">etds</marc:subfield>
    <marc:subfield code="p">openaire</marc:subfield>
    <marc:subfield code="p">global</marc:subfield>
    <marc:subfield code="p">etds_all</marc:subfield>
    <marc:subfield code="p">opengrey</marc:subfield>
    <marc:subfield code="q">licensed</marc:subfield>
  </marc:datafield>
  <marc:datafield tag="980" ind1=" " ind2=" ">
    <marc:subfield code="a">diplomove_prace</marc:subfield>
  </marc:datafield>
  <marc:datafield tag="996" ind1=" " ind2=" ">
    <marc:subfield code="a">Dostupné v digitálním repozitáři VŠE.</marc:subfield>
    <marc:subfield code="b">Available in the digital repository of the University of Economics, Prague.</marc:subfield>
    <marc:subfield code="9">1</marc:subfield>
  </marc:datafield>
  <marc:datafield tag="998" ind1=" " ind2=" ">
    <marc:subfield code="a">vysoka_skola_ekonomicka_v_praze</marc:subfield>
  </marc:datafield>
</marc:record>
</metadata></record>